{"leader":"04070cam a22004817a 4500","fields":[{"001":"12384646"},
{"005":"20120316080341.0"},
{"008":"101021s2012    caua     b    001 0 eng c"},
{"010":{"subfields":[{"a":"2010044628"}],"ind2":" ","ind1":" "}},
{"020":{"subfields":[{"a":"9781412980319 (pbk.)"}],"ind2":" ","ind1":" "}},
{"020":{"subfields":[{"a":"1412980313 (pbk.)"}],"ind2":" ","ind1":" "}},
{"035":{"subfields":[{"a":"(OCoLC)ocn671573423"}],"ind2":" ","ind1":" "}},
{"035":{"subfields":[{"a":"16512536"}],"ind2":" ","ind1":" "}},
{"040":{"subfields":[{"a":"DLC"},
  {"c":"DLC"},
  {"d":"YDX"},
  {"d":"YDXCP"},
  {"d":"BWX"},
  {"d":"VP@"},
  {"d":"CDX"},
  {"d":"UPM"},
  {"d":"DLC"},
  {"d":"Phs"}],"ind2":" ","ind1":" "}},
{"043":{"subfields":[{"a":"n-us---"}],"ind2":" ","ind1":" "}},
{"050":{"subfields":[{"a":"HV6529"},
  {"b":".F685 2012"}],"ind2":"0","ind1":"0"}},
{"082":{"subfields":[{"a":"364.15230973"},
{"2":"22"}],"ind2":"4","ind1":"0"}},
{"082":{"subfields":[{"a":"364.152\/320973"},
{"2":"22"}],"ind2":"0","ind1":"0"}},
{"100":{"subfields":[{"a":"Fox, James Alan."}],"ind2":" ","ind1":"1"}},
{"245":{"subfields":[{"a":"Extreme killing :"},
  {"b":"understanding serial and mass murder \/"},
  {"c":"James Alan Fox, Jack Levin."}],"ind2":"0","ind1":"1"}},
{"250":{"subfields":[{"a":"2nd ed."}],"ind2":" ","ind1":" "}},
{"260":{"subfields":[{"a":"Thousand Oaks, Calif. :"},
  {"b":"SAGE,"},
  {"c":"c2012."}],"ind2":" ","ind1":" "}},
{"300":{"subfields":[{"a":"xiv, 262 p. :"},
  {"b":"ill. ;"},
  {"c":"26 cm."}],"ind2":" ","ind1":" "}},
{"504":{"subfields":[{"a":"Includes bibliographical references (p. 240-247) and index."}],"ind2":" ","ind1":" "}},
{"505":{"subfields":[{"a":"Multiple murder -- America's fascination with multiple homicide -- Defining multiple murder -- Serial murder -- An anatomy of serial murder -- With deliberation and purpose -- Murder without guilt -- Partners in murder -- Killing for company -- Fantasyland -- The making of a serial killer -- Nonsexual control -- Killing cults -- So many victims -- Massacres -- For love, money, or revenge -- Family annihilation -- Firing back -- Schooled in mass murder -- Fighting city hall -- Hate-motivated mass murder -- Going berserk -- Epilogue -- Remembering the victims."}],"ind2":" ","ind1":"0"}},
{"520":{"subfields":[{"a":"Filled with contemporary and classic case studies, this fully updated Second Edition illustrates the many violent expressions of power, revenge, terror, greed, and loyalty. Throughout the book, renowned experts James Alan Fox and Jack Levin examine the theories of criminal behavior and apply them to a multitude of well-known and lesser-known multiple homicide cases from around the world. The book shows readers the commonalities and variations among multiple murders; addresses the characteristics of both killers and their victims; and, in the concluding chapter, discusses the special concerns of multiple murder victims and their survivors. --"}],"ind2":" ","ind1":" "}},
{"520":{"subfields":[{"a":"New to This Edition --"}],"ind2":" ","ind1":" "}},
{"520":{"subfields":[{"a":"New or expanded discussions of theories and conceptual frameworks, such as the roles of self-control and social control and the impact of shame and humiliation in the etiology of the serial killer, bring the book fully up to date --"}],"ind2":" ","ind1":" "}},
{"520":{"subfields":[{"a":"New coverage includes the latest research on the impact of the unemployment rate on family annihilations, as well as discussions of mass killings at colleges and universities, the link between animal cruelty and human violence, biological predispositions toward extreme violence, and more --"}],"ind2":" ","ind1":" "}},
{"520":{"subfields":[{"a":"New and updated cases of serial and mass murderers include the tragic Tucson shootings, during which Congresswoman Gabrielle Giffords was critically wounded and 6 others were killed; Professor Amy Bishop, who decided to get even with her colleagues at the University of Alabama; the terrorist attack by Major Nidal Hasan, who was charged with slaughtering 13 members of the Fort Hood community in November 2009; and the rampage of Seung-Hui Cho, a student at Virginia Tech, who shot and killed 32 students and faculty --"}],"ind2":" ","ind1":" "}},
{"520":{"subfields":[{"a":"Updated tables and figures characterize patterns and trends in extreme killing --"}],"ind2":" ","ind1":" "}},
{"520":{"subfields":[{"a":"The book's authors are world-renowned experts in the field of multiple homicide --"}],"ind2":" ","ind1":" "}},
{"520":{"subfields":[{"a":"An engaging writing style and a multitude of interesting case studies immerse students in the book's content --"}],"ind2":" ","ind1":" "}},
{"520":{"subfields":[{"a":"Photos of offenders and crime scenes are included --Book Jacket."}],"ind2":" ","ind1":" "}},
{"599":{"subfields":[{"a":"Dawson"}],"ind2":" ","ind1":" "}},
{"650":{"subfields":[{"a":"Serial murders"},
  {"z":"United States."}],"ind2":"0","ind1":" "}},
{"650":{"subfields":[{"a":"Serial murders"},
  {"z":"United States"},
  {"v":"Case studies."}],"ind2":"0","ind1":" "}},
{"650":{"subfields":[{"a":"Mass murder"},
  {"z":"United States."}],"ind2":"0","ind1":" "}},
{"650":{"subfields":[{"a":"Mass murder"},
  {"z":"United States"},
  {"v":"Case studies."}],"ind2":"0","ind1":" "}},
{"650":{"subfields":[{"a":"Seriemord"},
  {"z":"Förenta staterna"},
  {"v":"fallstudier"},
{"2":"sao"}],"ind2":"7","ind1":" "}},
{"650":{"subfields":[{"a":"Seriemördare"},
  {"z":"Förenta staterna"},
  {"v":"fallstudier"},
{"2":"sao"}],"ind2":"7","ind1":" "}},
{"650":{"subfields":[{"a":"Massmord"},
  {"z":"Förenta staterna"},
  {"v":"fallstudier"},
{"2":"sao"}],"ind2":"7","ind1":" "}},
{"700":{"subfields":[{"a":"Levin, Jack,"},
  {"d":"1941-"}],"ind2":" ","ind1":"1"}}]}
